<record><leader>00000cas a2200000 a 4500</leader><controlfield tag="001">37316232</controlfield><controlfield tag="008">970718d18971910vtuwr ne      0    0eng c</controlfield><datafield ind1=" " ind2=" " tag="010"><subfield code="a">sn 97067509 </subfield></datafield><datafield ind1=" " ind2=" " tag="040"><subfield code="a">NVN</subfield><subfield code="b">eng</subfield><subfield code="c">NVN</subfield><subfield code="d">OCLCQ</subfield><subfield code="d">OCLCF</subfield><subfield code="d">OCLCO</subfield></datafield><datafield ind1="1" ind2=" " tag="029"><subfield code="a">AU@</subfield><subfield code="b">000013409233</subfield></datafield><datafield ind1=" " ind2=" " tag="042"><subfield code="a">pcc</subfield></datafield><datafield ind1=" " ind2=" " tag="043"><subfield code="a">n-us-vt</subfield></datafield><datafield ind1="0" ind2=" " tag="130"><subfield code="a">Times (Groton, Vt. : 1897)</subfield></datafield><datafield ind1="1" ind2="4" tag="245"><subfield code="a">The times.</subfield></datafield><datafield ind1=" " ind2=" " tag="260"><subfield code="a">Groton, Vt. :</subfield><subfield code="b">Times Pub. Co.,</subfield><subfield code="c">1897-1910.</subfield></datafield><datafield ind1=" " ind2=" " tag="300"><subfield code="a">v.</subfield></datafield><datafield ind1=" " ind2=" " tag="310"><subfield code="a">Weekly</subfield></datafield><datafield ind1="0" ind2=" " tag="362"><subfield code="a">Vol. 1, no. 1 (Jan. 2, 1897)-v. 13, no. 52 (Jan. 7, 1910).</subfield></datafield><datafield ind1=" " ind2="0" tag="651"><subfield code="a">Groton (Vt. : Town)</subfield><subfield code="v">Newspapers.</subfield></datafield><datafield ind1=" " ind2="7" tag="655"><subfield code="a">Newspapers.</subfield><subfield code="2">fast</subfield><subfield code="0">(OCoLC)fst01423814</subfield></datafield><datafield ind1=" " ind2="7" tag="651"><subfield code="a">Vermont</subfield><subfield code="z">Groton (Town)</subfield><subfield code="2">fast</subfield><subfield code="0">(OCoLC)fst01335023</subfield></datafield><datafield ind1=" " ind2=" " tag="752"><subfield code="a">United States</subfield><subfield code="b">Vermont</subfield><subfield code="c">Caledonia</subfield><subfield code="d">Groton.</subfield></datafield><datafield ind1="0" ind2="0" tag="785"><subfield code="t">Groton times</subfield><subfield code="w">(DLC)sn9800060011</subfield><subfield code="w">(OCoLC)38300856</subfield></datafield></record>